<record xmlns="http://www.loc.gov/MARC21/slim">
   <leader>01966cam a2200373Ii 45 0</leader>
   <controlfield tag="001">6800056</controlfield>
   <controlfield tag="003">OCoLC</controlfield>
   <controlfield tag="005">20150209124752.0</controlfield>
   <controlfield tag="008">150129s2015    nyu           000 1 eng  </controlfield>
   <datafield ind1=" " ind2=" " tag="020">
      <subfield code="a">9781250061263</subfield>
      <subfield code="q">(paperback)</subfield>
   </datafield>
   <datafield ind1=" " ind2=" " tag="020">
      <subfield code="a">1250061261</subfield>
      <subfield code="q">(paperback)</subfield>
   </datafield>
   <datafield ind1=" " ind2=" " tag="035">
      <subfield code="a">ocn900990013</subfield>
   </datafield>
   <datafield ind1=" " ind2=" " tag="040">
      <subfield code="a">SMDRL</subfield>
      <subfield code="c">SMDRL</subfield>
      <subfield code="d">SMDRL</subfield>
      <subfield code="e">rda</subfield>
      <subfield code="d">IH7</subfield>
      <subfield code="d">ARDC</subfield>
   </datafield>
   <datafield ind1="0" ind2="4" tag="082">
      <subfield code="a">813.6</subfield>
      <subfield code="2">23</subfield>
   </datafield>
   <datafield ind1=" " ind2=" " tag="090">
      <subfield code="a">KEN</subfield>
      <subfield code="b">ARDC</subfield>
   </datafield>
   <datafield ind1="1" ind2=" " tag="100">
      <subfield code="a">Kenyon, Sherrilyn,</subfield>
      <subfield code="d">1965-</subfield>
      <subfield code="e">author.</subfield>
   </datafield>
   <datafield ind1="1" ind2="0" tag="245">
      <subfield code="a">Born of fury /</subfield>
      <subfield code="c">Sherrilyn Kenyon.</subfield>
   </datafield>
   <datafield ind1=" " ind2="1" tag="264">
      <subfield code="a">New York, NY :</subfield>
      <subfield code="b">St. Martin's Paperbacks,</subfield>
      <subfield code="c">2015.</subfield>
   </datafield>
   <datafield ind1=" " ind2="4" tag="264">
      <subfield code="c">©2014</subfield>
   </datafield>
   <datafield ind1=" " ind2=" " tag="300">
      <subfield code="a">564 pages ;</subfield>
      <subfield code="c">17 cm.</subfield>
   </datafield>
   <datafield ind1=" " ind2=" " tag="336">
      <subfield code="a">text</subfield>
      <subfield code="b">txt</subfield>
      <subfield code="2">rdacontent</subfield>
   </datafield>
   <datafield ind1=" " ind2=" " tag="337">
      <subfield code="a">unmediated</subfield>
      <subfield code="b">n</subfield>
      <subfield code="2">rdamedia</subfield>
   </datafield>
   <datafield ind1=" " ind2=" " tag="338">
      <subfield code="a">volume</subfield>
      <subfield code="b">nc</subfield>
      <subfield code="2">rdacarrier</subfield>
   </datafield>
   <datafield ind1="1" ind2=" " tag="490">
      <subfield code="a">A League novel</subfield>
   </datafield>
   <datafield ind1=" " ind2=" " tag="520">
      <subfield code="a">"The war is on... Counted among the fiercest Andarion warriors ever born, Hauk is one of the five founding members of the Sentella: an organization that has declared war on the League. They rule the Ichidian universe with an iron fist and terrify it with an army of well-trained assassins. Hauk's enemies are legion, but he fears nothing and no one. He will do whatever it takes to survive and protect his Sentella brethren. Sumi Antaxas is one of the best assassins the League has ever trained. In her world, failure is not an option and she has never met a target she couldn't execute. So when she's assigned Hauk, she believes it'll be a quick and easy mission. But nothing is ever as simple as it seems, and Hauk is far better skilled than any she's faced before"--</subfield>
      <subfield code="c">Provided by publisher.</subfield>
   </datafield>
   <datafield ind1=" " ind2=" " tag="596">
      <subfield code="a">35</subfield>
   </datafield>
   <datafield ind1=" " ind2="0" tag="650">
      <subfield code="a">Imaginary places</subfield>
      <subfield code="v">Fiction.</subfield>
   </datafield>
   <datafield ind1=" " ind2="0" tag="650">
      <subfield code="a">Soldiers of fortune</subfield>
      <subfield code="v">Fiction.</subfield>
   </datafield>
   <datafield ind1=" " ind2="0" tag="650">
      <subfield code="a">Bodyguards</subfield>
      <subfield code="v">Fiction.</subfield>
   </datafield>
   <datafield ind1=" " ind2="0" tag="650">
      <subfield code="a">Identity (Psychology)</subfield>
      <subfield code="v">Fiction.</subfield>
   </datafield>
   <datafield ind1=" " ind2="0" tag="650">
      <subfield code="a">Conspiracies</subfield>
      <subfield code="v">Fiction.</subfield>
   </datafield>
   <datafield ind1=" " ind2="0" tag="650">
      <subfield code="a">Attempted assassination</subfield>
      <subfield code="v">Fiction.</subfield>
   </datafield>
   <datafield ind1="1" ind2=" " tag="800">
      <subfield code="a">Kenyon, Sherrilyn,</subfield>
      <subfield code="d">1965-</subfield>
      <subfield code="t">League.</subfield>
   </datafield>
   <datafield ind1=" " ind2=" " tag="926">
      <subfield code="a">KEN</subfield>
      <subfield code="w">LC</subfield>
      <subfield code="c">1</subfield>
      <subfield code="i">30125302524474</subfield>
      <subfield code="l">PAPERBACKS</subfield>
      <subfield code="m">RED_DEER_C</subfield>
      <subfield code="r">Y</subfield>
      <subfield code="s">Y</subfield>
      <subfield code="t">BOOK</subfield>
      <subfield code="u">2/9/2015</subfield>
   </datafield>
</record>
